<record><leader>00000cas a22000007a 4500</leader><controlfield tag="001">16144278</controlfield><controlfield tag="008">870708d18811898iauwr ne      0    0eng d</controlfield><datafield ind1=" " ind2=" " tag="010"><subfield code="a">sn 87058462 </subfield></datafield><datafield ind1=" " ind2=" " tag="040"><subfield code="a">INP</subfield><subfield code="b">eng</subfield><subfield code="c">INP</subfield><subfield code="d">OCLCQ</subfield></datafield><datafield ind1=" " ind2=" " tag="042"><subfield code="a">msc</subfield></datafield><datafield ind1="0" ind2=" " tag="130"><subfield code="a">Eagle Grove times (Eagle Grove, Iowa : 1881)</subfield></datafield><datafield ind1="1" ind2="4" tag="245"><subfield code="a">The Eagle Grove times.</subfield></datafield><datafield ind1=" " ind2=" " tag="260"><subfield code="a">Eagle Grove, Wright County, Iowa :</subfield><subfield code="b">[F.A. Gates],</subfield><subfield code="c">-1898.</subfield></datafield><datafield ind1=" " ind2=" " tag="300"><subfield code="a">v.</subfield></datafield><datafield ind1=" " ind2=" " tag="310"><subfield code="a">Weekly</subfield></datafield><datafield ind1="1" ind2=" " tag="362"><subfield code="a">Began July 7, 1881.</subfield></datafield><datafield ind1="0" ind2=" " tag="362"><subfield code="a">-v. 18, no. 2 (Sept. 15, 1898).</subfield></datafield><datafield ind1=" " ind2=" " tag="500"><subfield code="a">Includes section called: Woolstock news.</subfield></datafield><datafield ind1=" " ind2=" " tag="588"><subfield code="a">Description based on: Vol. 7, no. 25 (Jan. 20, 1888).</subfield></datafield><datafield ind1=" " ind2=" " tag="752"><subfield code="a">United States</subfield><subfield code="b">Iowa</subfield><subfield code="c">Wright</subfield><subfield code="d">Eagle Grove.</subfield></datafield><datafield ind1=" " ind2=" " tag="752"><subfield code="a">United States</subfield><subfield code="b">Iowa</subfield><subfield code="c">Wright</subfield><subfield code="d">Woolstock.</subfield></datafield><datafield ind1="0" ind2=" " tag="775"><subfield code="t">Eagle Grove times (Eagle Grove, Iowa : 1895)</subfield></datafield><datafield ind1="0" ind2="5" tag="780"><subfield code="t">Woolstock review</subfield><subfield code="g">1884</subfield></datafield><datafield ind1="0" ind2="5" tag="780"><subfield code="t">Eagle Grove clipper</subfield><subfield code="g">1884</subfield></datafield><datafield ind1="0" ind2="7" tag="785"><subfield code="t">Boone Valley gazette</subfield><subfield code="w">(DLC)sn 87058461</subfield></datafield><datafield ind1="0" ind2="7" tag="785"><subfield code="t">Times-gazette (Eagle Grove, Iowa : 1898)</subfield><subfield code="w">(DLC)sn 87058463</subfield></datafield><datafield ind1="1" ind2=" " tag="787"><subfield code="t">Woolstock news</subfield></datafield></record>